@online{ai-wikipedia,
  author={Wikipedia},
  title={Künstliche Intelligenz},
  url={https://de.wikipedia.org/wiki/K%C3%BCnstliche_Intelligenz},
  urldate={2024-05-31},
  year={2024}
}

@online{ai-swissinfo,
  author={swissinfo},
  title={Künstliche Intelligenz},
  url={"https://www.swissinfo.ch/ger/wissenschaft/kuenstliche-intelligenz_die-maschine-und-die-moral/46186260"},
  urldate={2024-05-31},
  year={2024}
}

@online{ai-unesco,
  author={unesco},
  title={Künstliche Intelligenz},
  url={"https://www.unesco.at/wissenschaft/wissenschafts-und-bioethik/ethik-kuenstliche-intelligenz"},
  urldate={2024-05-31},
  year={2024}
}

@online{data-wikipedia,
  author={swissinfo},
  title={Daten},
  url={""https://de.wikipedia.org/wiki/Daten"},
  urldate={2024-05-31},
  year={2024}
}

@online{ethics-wikipedia,
  author={wikipedia},
  title={Ethik},
  url={"https://de.wikipedia.org/wiki/Ethik"
  },
  urldate={2024-05-31},
  year={2024}
}

@online{ethics-ki-campus,
  author={ki-campus},
  title={Ethik},
  url={"https://ki-campus.org/courses/daethik#:~:text=Ethisch%20korrekte%20Daten%20und%20Algorithmen,und%20kognitiver%20Verzerrung%20zu%20vermeiden."
  },
  urldate={2024-05-31},
  year={2024}
}

@online{ethics-kpmg,
  author={kpmg},
  title={Ethik},
  url={""https://kpmg.com/ch/de/home/themen/2022/06/ai-data-ethics.html""
  },
  urldate={2024-05-31},
  year={2024}
}

@online{latex-wikipedia,
  author={wikipedia},
  title={latex},
  url={"https://de.wikipedia.org/wiki/LaTeX"
  },
  urldate={2024-05-31},
  year={2024}
}

@online{latex,
  author={latex-project},
  title={latex},
  url={"https://www.latex-project.org/"
  },
  urldate={2024-05-31},
  year={2024}
}

@online{ethics-sap,
  author={sap},
  title={Ethik},
  url={"https://www.sap.com/swiss/products/artificial-intelligence/ai-ethics.html"
  },
  urldate={2024-05-31},
  year={2024}
}

@online{ethics-ai-wikipedia,
  author={wikipedia},
  title={Ethik},
  url={"https://de.wikipedia.org/wiki/Ethik_der_K%C3%BCnstlichen_Intelligenz"
  },
  urldate={2024-05-31},
  year={2024}
}

@online{ethics-zdf,
  author={zdf},
  title={Ethik},
  url={https://www.zdf.de/nachrichten/politik/ki-regeln-gesetz-ai-act-eu-ethik-experten-100.html"
  },
  urldate={2024-05-31},
  year={2024}
}

@online{ethics-unesco,
  author={unesco},
  title={Ethik},
  url={"https://www.unesco.de/wissen/ethik/kuenstliche-intelligenz"
  },
  urldate={2024-05-31},
  year={2024}
}

@online{ethics-curaviva,
  author={curaviva},
  title={Ethik},
  url={"https://www.curaviva.ch/Fachwissen/Ethik/PDbIB/#:~:text=%C2%ABEthik%C2%BB%20ist%20gem%C3%A4ss%20Definition%20Duden,Zielsetzung%20her%20eine%20praktische%20Wissenschaft."
  },
  urldate={2024-05-31},
  year={2024}
}

@online{ethics-bpb,
  author={bpb},
  title={Ethik},
  url={"https://www.bpb.de/kurz-knapp/lexika/das-junge-politik-lexikon/320245/ethik/"
  },
  urldate={2024-05-31},
  year={2024}
}

@online{ethics-studyflix,
  author={studyflix},
  title={Ethik},
  url={"https://studyflix.de/allgemeinwissen/ethik-3749"
  },
  urldate={2024-05-31},
  year={2024}
}

@online{ethics-purestorage,
  author={purestorage},
  title={Ethik},
  url={"https://www.purestorage.com/de/knowledge/what-is-data-ethics.html#:~:text=Die%20Datenethik%20befasst%20sich%20mit,k%C3%B6nnen%2C%20um%20Voreingenommenheit%20zu%20vermeiden."
  },
  urldate={2024-05-31},
  year={2024}
}

@online{ethics-cognizant,
  author={cognizant},
  title={Ethik},
  url={"https://www.cognizant.com/de/de/glossary/data-ethics"
  },
  urldate={2024-05-31},
  year={2024}
}

@online{ethics-statista,
  author={statista},
  title={Ethik},
  url={"https://de.statista.com/statistik/lexikon/definition/42/daten/"
  },
  urldate={2024-05-31},
  year={2024}
}

@online{ethics-computerweekly,
  author={computerweekly},
  title={Ethik},
  url={"https://www.computerweekly.com/de/definition/Daten"
  },
  urldate={2024-05-31},
  year={2024}
}

@online{ai-nvidia,
  author={tagesschau},
  title={AI},
  url={"https://www.tagesschau.de/wirtschaft/technologie/nvidia-ki-computersystem-100.html"
  },
  urldate={2024-05-31},
  year={2024}
}

@online{trolley-problem-wikipedia,
  author={wikipedia},
  title={Trolley-Problem},
  url={"https://de.wikipedia.org/wiki/Trolley-Problem"
  },
  urldate={2024-05-31},
  year={2024}
}

@online{data-wbs,
  author={wbs},
  title={Daten},
  url={"https://www.wbs.legal/it-und-internet-recht/datenschutzrecht/welche-daten-schutzt-die-dsgvo/#:~:text=Genetische%20und%20biometrische%20Daten%20wie,oder%20andere%20Informationen%20zur%20Geolokalisierung."
  },
  urldate={2024-05-31},
  year={2024}
}

@online{data-kaspersky,
  author={kaspersky},
  title={Daten},
  url={"https://www.kaspersky.de/resource-center/preemptive-safety/how-to-stop-data-brokers-from-selling-your-personal-information"
  },
  urldate={2024-05-31},
  year={2024}
}

@book{example,
  title={The Title of the Book},
  author={The Author},
  publisher={The Publisher},
  year={2017},
}